@article{Luoh2004,
  title={升學機會與家庭背景},
  author={Ming-Ching Luoh},
  journal={經濟論文叢刊},
  volume={32},
  number={4},
  pages={417--445},
  year={2004},
  publisher={臺灣大學經濟學系}
}

@article{luoh2018,
  title={誰是台大學生?(2001-2014)-多元入學的影響},
  author={Luoh, Ming-Ching},
  journal={Jing Ji Lun Wen Cong Kan},
  volume={46},
  number={1},
  pages={47--95},
  year={2018},
  publisher={Taiwan Economic Review}
}

@article{barajas2011,
  title={Academic achievement of children in single parent homes: A critical review},
  author={Barajas, Mark S},
  journal={The Hilltop Review},
  volume={5},
  number={1},
  pages={4},
  year={2011}
}

@article{krein1988,
  title={Educational attainment of children from single-parent families: Differences by exposure, gender, and race},
  author={Krein, Sheila Fitzgerald and Beller, Andrea H},
  journal={Demography},
  volume={25},
  number={2},
  pages={221--234},
  year={1988},
  publisher={Duke University Press}
}

@article{pong2003,
  title={Family policies and children's school achievement in single-versus two-parent families},
  author={Pong, Suet-ling and Dronkers, Jaap and Hampden-Thompson, Gillian},
  journal={Journal of marriage and family},
  volume={65},
  number={3},
  pages={681--699},
  year={2003},
  publisher={Wiley Online Library}
}

@article{bernardi2014,
  title={The long-term consequences of parental divorce for children’s educational attainment},
  author={Bernardi, Fabrizio and Radl, Jonas},
  journal={Demographic research},
  volume={30},
  pages={1653--1680},
  year={2014},
  publisher={JSTOR}
}