% ------------------------------------------------------------------------
% Topic in Labor Economics Term Paper - BIBLIOGRAPHY FILE
% ------------------------------------------------------------------------

@article{Milne1986,
title = {Single parents, working mothers, and the educational achievement of school children.},
author = {Milne, Ann M., et al.},
journal = {Sociology of education},
volume = {},
number = {},
pages = {125-139},
year = {1986}
}

@article{Park2007,
title = {Single parenthood and childrenâ€™s reading performance in Asia.},
author = {Park, Hyunjoon},
journal = {Journal of Marriage and Family},
volume = {69},
number = {3},
pages = {863-877},
year = {2007}
} 

 